[gd_scene load_steps=20 format=2]

[ext_resource path="res://Entities/Player.gd" type="Script" id=1]
[ext_resource path="res://assets/sprites_IDLE.png" type="Texture" id=2]
[ext_resource path="res://assets/sprites_walking.png" type="Texture" id=3]
[ext_resource path="res://assets/sprites_walking-back.png" type="Texture" id=4]

[sub_resource type="CapsuleShape2D" id=1]
radius = 30.0
height = 25.0

[sub_resource type="CircleShape2D" id=2]
radius = 130.0

[sub_resource type="AtlasTexture" id=3]
flags = 4
atlas = ExtResource( 2 )
region = Rect2( 0, 0, 64, 79 )

[sub_resource type="AtlasTexture" id=4]
flags = 4
atlas = ExtResource( 2 )
region = Rect2( 64, 0, 64, 79 )

[sub_resource type="AtlasTexture" id=5]
flags = 4
atlas = ExtResource( 2 )
region = Rect2( 128, 0, 64, 79 )

[sub_resource type="AtlasTexture" id=6]
flags = 4
atlas = ExtResource( 2 )
region = Rect2( 192, 0, 64, 79 )

[sub_resource type="AtlasTexture" id=7]
flags = 4
atlas = ExtResource( 4 )
region = Rect2( 0, 0, 64, 75 )

[sub_resource type="AtlasTexture" id=8]
flags = 4
atlas = ExtResource( 4 )
region = Rect2( 64, 0, 64, 75 )

[sub_resource type="AtlasTexture" id=9]
flags = 4
atlas = ExtResource( 4 )
region = Rect2( 128, 0, 64, 75 )

[sub_resource type="AtlasTexture" id=10]
flags = 4
atlas = ExtResource( 4 )
region = Rect2( 192, 0, 64, 75 )

[sub_resource type="AtlasTexture" id=11]
flags = 4
atlas = ExtResource( 3 )
region = Rect2( 0, 0, 64, 75 )

[sub_resource type="AtlasTexture" id=12]
flags = 4
atlas = ExtResource( 3 )
region = Rect2( 64, 0, 64, 75 )

[sub_resource type="AtlasTexture" id=13]
flags = 4
atlas = ExtResource( 3 )
region = Rect2( 128, 0, 64, 75 )

[sub_resource type="AtlasTexture" id=14]
flags = 4
atlas = ExtResource( 3 )
region = Rect2( 192, 0, 64, 75 )

[sub_resource type="SpriteFrames" id=15]
animations = [ {
"frames": [ SubResource( 3 ), SubResource( 4 ), SubResource( 5 ), SubResource( 6 ) ],
"loop": true,
"name": "idle",
"speed": 2.0
}, {
"frames": [ SubResource( 7 ), SubResource( 8 ), SubResource( 9 ), SubResource( 10 ) ],
"loop": true,
"name": "walking_up",
"speed": 4.0
}, {
"frames": [ SubResource( 11 ), SubResource( 12 ), SubResource( 13 ), SubResource( 14 ) ],
"loop": true,
"name": "walking_down",
"speed": 4.0
} ]

[node name="Player" type="KinematicBody2D" groups=[
"Enemies",
"Player",
]]
script = ExtResource( 1 )
speed = 150
contamination_level = 45.0
contamination_limit = 50.0

[node name="CollisionBody" type="CollisionShape2D" parent="."]
shape = SubResource( 1 )

[node name="ContaminationTriggerArea" type="Area2D" parent="."]
collision_layer = 0

[node name="CollisionShape2D" type="CollisionShape2D" parent="ContaminationTriggerArea"]
shape = SubResource( 2 )

[node name="AnimatedSprite" type="AnimatedSprite" parent="."]
frames = SubResource( 15 )
animation = "idle"
frame = 1
playing = true

[node name="Camera2D" type="Camera2D" parent="."]
[connection signal="body_entered" from="ContaminationTriggerArea" to="." method="_on_ContaminationTriggerArea_body_entered"]
[connection signal="body_exited" from="ContaminationTriggerArea" to="." method="_on_ContaminationTriggerArea_body_exited"]
